@online{site:amazon,
	title = {Amazon},
	url = {https://www.amazon.it/}
}

@online{site:amazon-reviews-original-dataset,
	title = {Amazon reviews original dataset source},
	url = {https://s3.amazonaws.com/amazon-reviews-pds/readme.html}
}

@online{site:site:wiki-kcore,
	title = {Wikipedia - Degeneracy (graph theory)},
	url = {https://en.wikipedia.org/wiki/Degeneracy_(graph_theory)}
}

@online{site:amazon-reviews-5-core-dataset,
title = {Amazon reviews 5-core dataset source},
url = {http://jmcauley.ucsd.edu/data/amazon/}
}

@online{site:julianmcauley,
	title = {Julian McAuley},
	url = {http://jmcauley.ucsd.edu/data/amazon/}
}

@online{site:google-colab,
	title = {Google Colab},
	url = {https://colab.research.google.com/}
}

@online{site:cytoscape,
title = {Cytoscape for Network Integration, Analysis and Visualization},
url = {https://cytoscape.org/}
}

@online{site:pandas,
	title = {Pandas: Python Data Analysis Library},
	url = {https://pandas.pydata.org/}
}

@online{site:networkx,
	title = {NetworkX Python package for networks management},
	url = {https://networkx.github.io/documentation/stable/}
}

@online{site:react,
	title = {React},
	url = {https://reactjs.org/}
}

@online{site:nodejs,
	title = {Node.js},
	url = {https://nodejs.org/it/}
}
